@misc{GAN_Main,
      title={Generative Adversarial Networks}, 
      author={Ian J. Goodfellow and Jean Pouget-Abadie and Mehdi Mirza and Bing Xu and David Warde-Farley and Sherjil Ozair and Aaron Courville and Yoshua Bengio},
      year={2014},
      eprint={1406.2661},
      archivePrefix={arXiv},
      primaryClass={stat.ML}
}

% ------------------------------ x ------------------------------

@misc{StyleGAN,
      title={Analyzing and Improving the Image Quality of StyleGAN}, 
      author={Tero Karras and Samuli Laine and Miika Aittala and Janne Hellsten and Jaakko Lehtinen and Timo Aila},
      year={2020},
      eprint={1912.04958},
      archivePrefix={arXiv},
      primaryClass={cs.CV}
}

% ------------------------------ x ------------------------------

@ARTICLE{GenAI,
  author={Bilgram, Volker and Laarmann, Felix},
  journal={IEEE Engineering Management Review}, 
  title={Accelerating Innovation With Generative AI: AI-Augmented Digital Prototyping and Innovation Methods}, 
  year={2023},
  volume={51},
  number={2},
  pages={18-25},
  doi={10.1109/EMR.2023.3272799}}


% ------------------------------ x ------------------------------

@INPROCEEDINGS{Data_Aug,
  author={Liang, Junzhao and Chen, Junying},
  booktitle={2021 IEEE International Ultrasonics Symposium (IUS)}, 
  title={Data Augmentation of Thyroid Ultrasound Images Using Generative Adversarial Network}, 
  year={2021},
  volume={},
  number={},
  pages={1-4},
  doi={10.1109/IUS52206.2021.9593403}}


% ------------------------------ x ------------------------------

@INPROCEEDINGS{CORRGAN,
  author={Marti, Gautier},
  booktitle={ICASSP 2020 - 2020 IEEE International Conference on Acoustics, Speech and Signal Processing (ICASSP)}, 
  title={CORRGAN: Sampling Realistic Financial Correlation Matrices Using Generative Adversarial Networks}, 
  year={2020},
  volume={},
  number={},
  pages={8459-8463},
  doi={10.1109/ICASSP40776.2020.9053276}}


% ------------------------------ x ------------------------------

@misc{Nips_GAN,
      title={NIPS 2016 Tutorial: Generative Adversarial Networks}, 
      author={Ian Goodfellow},
      year={2017},
      eprint={1701.00160},
      archivePrefix={arXiv},
      primaryClass={cs.LG}
}

% ------------------------------ x ------------------------------

@misc{CGAN,
      title={Conditional Generative Adversarial Nets}, 
      author={Mehdi Mirza and Simon Osindero},
      year={2014},
      eprint={1411.1784},
      archivePrefix={arXiv},
      primaryClass={cs.LG}
}

% ------------------------------ x ------------------------------

@article{DCGAN,
  title={Unsupervised Representation Learning with Deep Convolutional Generative Adversarial Networks},
  author={Alec Radford and Luke Metz and Soumith Chintala},
  journal={CoRR},
  year={2015},
  volume={abs/1511.06434},
  url={https://api.semanticscholar.org/CorpusID:11758569}
}

% ------------------------------ x ------------------------------

@misc{Head_Model,
      title={Few-Shot Adversarial Learning of Realistic Neural Talking Head Models}, 
      author={Egor Zakharov and Aliaksandra Shysheya and Egor Burkov and Victor Lempitsky},
      year={2019},
      eprint={1905.08233},
      archivePrefix={arXiv},
      primaryClass={cs.CV}
}

% ------------------------------ x ------------------------------

@InProceedings{SAGAN,
  title = 	 {Self-Attention Generative Adversarial Networks},
  author =       {Zhang, Han and Goodfellow, Ian and Metaxas, Dimitris and Odena, Augustus},
  booktitle = 	 {Proceedings of the 36th International Conference on Machine Learning},
  pages = 	 {7354--7363},
  year = 	 {2019},
  editor = 	 {Chaudhuri, Kamalika and Salakhutdinov, Ruslan},
  volume = 	 {97},
  series = 	 {Proceedings of Machine Learning Research},
  month = 	 {09--15 Jun},
  publisher =    {PMLR},
  pdf = 	 {http://proceedings.mlr.press/v97/zhang19d/zhang19d.pdf},
  url = 	 {https://proceedings.mlr.press/v97/zhang19d.html}
}

% ------------------------------ x ------------------------------

@misc{TransGAN,
      title={TransGAN: Two Pure Transformers Can Make One Strong GAN, and That Can Scale Up}, 
      author={Yifan Jiang and Shiyu Chang and Zhangyang Wang},
      year={2021},
      eprint={2102.07074},
      archivePrefix={arXiv},
      primaryClass={cs.CV}
}

% ------------------------------ x ------------------------------

@ARTICLE{Recent_Progress,
  author={Pan, Zhaoqing and Yu, Weijie and Yi, Xiaokai and Khan, Asifullah and Yuan, Feng and Zheng, Yuhui},
  journal={IEEE Access}, 
  title={Recent Progress on Generative Adversarial Networks (GANs): A Survey}, 
  year={2019},
  volume={7},
  number={},
  pages={36322-36333},
  doi={10.1109/ACCESS.2019.2905015}}


% ------------------------------ x ------------------------------

@ARTICLE{TwinGAN,
  author={Way, Der-Lor and Lo, Chang-Hao and Wei, Yu-Hsien and Shih, Zen-Chung},
  journal={IEEE Access}, 
  title={TwinGAN: Twin Generative Adversarial Network for Chinese Landscape Painting Style Transfer}, 
  year={2023},
  volume={11},
  number={},
  pages={60844-60852},
  doi={10.1109/ACCESS.2023.3274666}
}

% ------------------------------ x ------------------------------


@InProceedings{VAEGAN,
  title = 	 {Autoencoding beyond pixels using a learned similarity metric},
  author = 	 {Larsen, Anders Boesen Lindbo and Sønderby, Søren Kaae and Larochelle, Hugo and Winther, Ole},
  booktitle = 	 {Proceedings of The 33rd International Conference on Machine Learning},
  pages = 	 {1558--1566},
  year = 	 {2016},
  editor = 	 {Balcan, Maria Florina and Weinberger, Kilian Q.},
  volume = 	 {48},
  series = 	 {Proceedings of Machine Learning Research},
  address = 	 {New York, New York, USA},
  month = 	 {20--22 Jun},
  publisher =    {PMLR},
  pdf = 	 {http://proceedings.mlr.press/v48/larsen16.pdf},
  url = 	 {https://proceedings.mlr.press/v48/larsen16.html},
}

% ------------------------------ x ------------------------------

@ARTICLE{FIGAN,
  author={Hasenstab, Kyle A. and Huynh, Justin and Masoudi, Samira and Cunha, Guilherme M. and Pazzani, Michael and Hsiao, Albert},
  journal={IEEE Access}, 
  title={Feature Interpretation Using Generative Adversarial Networks (FIGAN): A Framework for Visualizing a CNN’s Learned Features}, 
  year={2023},
  volume={11},
  number={},
  pages={5144-5160},
  doi={10.1109/ACCESS.2023.3236575}}

% ------------------------------ x ------------------------------

@article{DCNN,
author = {Krizhevsky, Alex and Sutskever, Ilya and Hinton, Geoffrey E.},
title = {ImageNet Classification with Deep Convolutional Neural Networks},
year = {2017},
issue_date = {June 2017},
publisher = {Association for Computing Machinery},
address = {New York, NY, USA},
volume = {60},
number = {6},
issn = {0001-0782},
url = {https://doi.org/10.1145/3065386},
doi = {10.1145/3065386},
journal = {Commun. ACM},
month = {may},
pages = {84–90},
numpages = {7}
}

% ------------------------------ x ------------------------------

@misc{WGAN,
      title={Wasserstein GAN}, 
      author={Martin Arjovsky and Soumith Chintala and Léon Bottou},
      year={2017},
      eprint={1701.07875},
      archivePrefix={arXiv},
      primaryClass={stat.ML}
}

% ------------------------------ x ------------------------------

@misc{CycleGAN,
      title={Unpaired Image-to-Image Translation using Cycle-Consistent Adversarial Networks}, 
      author={Jun-Yan Zhu and Taesung Park and Phillip Isola and Alexei A. Efros},
      year={2020},
      eprint={1703.10593},
      archivePrefix={arXiv},
      primaryClass={cs.CV}
}

% ------------------------------ x ------------------------------

@misc{PGAN,
      title={Progressive Growing of GANs for Improved Quality, Stability, and Variation}, 
      author={Tero Karras and Timo Aila and Samuli Laine and Jaakko Lehtinen},
      year={2018},
      eprint={1710.10196},
      archivePrefix={arXiv},
      primaryClass={cs.NE}
}

% ------------------------------ x ------------------------------

@misc{Face_Aging_GAN,
      title={Face Aging With Conditional Generative Adversarial Networks}, 
      author={Grigory Antipov and Moez Baccouche and Jean-Luc Dugelay},
      year={2017},
      eprint={1702.01983},
      archivePrefix={arXiv},
      primaryClass={cs.CV}
}

% ------------------------------ x ------------------------------

@article{VideoGAN,
author = {Aldausari, Nuha and Sowmya, Arcot and Marcus, Nadine and Mohammadi, Gelareh},
title = {Video Generative Adversarial Networks: A Review},
year = {2022},
issue_date = {February 2023},
publisher = {Association for Computing Machinery},
address = {New York, NY, USA},
volume = {55},
number = {2},
issn = {0360-0300},
url = {https://doi.org/10.1145/3487891},
doi = {10.1145/3487891},
journal = {ACM Comput. Surv.},
month = {jan},
articleno = {30},
numpages = {25},
keywords = {conditional generation, Generative Adversarial Networks, video synthesis, multimodal data}
}

% ------------------------------ x ------------------------------

@article{ChemGAN,
   title={Generative adversarial networks (GAN) based efficient sampling of chemical composition space for inverse design of inorganic materials},
   volume={6},
   ISSN={2057-3960},
   url={http://dx.doi.org/10.1038/s41524-020-00352-0},
   DOI={10.1038/s41524-020-00352-0},
   number={1},
   journal={npj Computational Materials},
   publisher={Springer Science and Business Media LLC},
   author={Dan, Yabo and Zhao, Yong and Li, Xiang and Li, Shaobo and Hu, Ming and Hu, Jianjun},
   year={2020},
   month=jun }

% ------------------------------ x ------------------------------

@misc{StarGAN,
      title={StarGAN: Unified Generative Adversarial Networks for Multi-Domain Image-to-Image Translation}, 
      author={Yunjey Choi and Minje Choi and Munyoung Kim and Jung-Woo Ha and Sunghun Kim and Jaegul Choo},
      year={2018},
      eprint={1711.09020},
      archivePrefix={arXiv},
      primaryClass={cs.CV}
}

% ------------------------------ x ------------------------------

@misc{MuseGAN,
      title={MuseGAN: Multi-track Sequential Generative Adversarial Networks for Symbolic Music Generation and Accompaniment}, 
      author={Hao-Wen Dong and Wen-Yi Hsiao and Li-Chia Yang and Yi-Hsuan Yang},
      year={2017},
      eprint={1709.06298},
      archivePrefix={arXiv},
      primaryClass={eess.AS}
}

% ------------------------------ x ------------------------------

@misc{SemanticGAN,
      title={Semantic Segmentation with Generative Models: Semi-Supervised Learning and Strong Out-of-Domain Generalization}, 
      author={Daiqing Li and Junlin Yang and Karsten Kreis and Antonio Torralba and Sanja Fidler},
      year={2021},
      eprint={2104.05833},
      archivePrefix={arXiv},
      primaryClass={cs.CV}
}

% ------------------------------ x ------------------------------

@article{XAI_Medical,
  title={Explainable deep learning models in medical image analysis},
  author={Singh, Amitojdeep and Sengupta, Sourya and Lakshminarayanan, Vasudevan},
  journal={Journal of imaging},
  volume={6},
  number={6},
  pages={52},
  year={2020},
  publisher={MDPI}
}

% ------------------------------ x ------------------------------

@misc{BigGAN,
      title={Large Scale GAN Training for High Fidelity Natural Image Synthesis}, 
      author={Andrew Brock and Jeff Donahue and Karen Simonyan},
      year={2019},
      eprint={1809.11096},
      archivePrefix={arXiv},
      primaryClass={cs.LG}
}

% ------------------------------ x ------------------------------

@misc{VAE,
      title={Auto-Encoding Variational Bayes}, 
      author={Diederik P Kingma and Max Welling},
      year={2022},
      eprint={1312.6114},
      archivePrefix={arXiv},
      primaryClass={stat.ML}
}

% ------------------------------ x ------------------------------

@article{RBM,
author = {Smolensky, Paul},
year = {1986},
month = {01},
pages = {},
title = {Information processing in dynamical systems: Foundations of harmony theory},
volume = {1},
journal = {Parallel Distributed Process}
}

% ------------------------------ x ------------------------------

@article{MCMC,
author = {Brooks, Stephen},
title = {Markov chain Monte Carlo method and its application},
journal = {Journal of the Royal Statistical Society: Series D (The Statistician)},
volume = {47},
number = {1},
pages = {69-100},
keywords = {Bayesian statistics, Gibbs sampler, Metropolis–Hastings updating, Simulation, Software},
doi = {https://doi.org/10.1111/1467-9884.00117},
url = {https://rss.onlinelibrary.wiley.com/doi/abs/10.1111/1467-9884.00117},
eprint = {https://rss.onlinelibrary.wiley.com/doi/pdf/10.1111/1467-9884.00117},
year = {1998}
}

% ------------------------------ x ------------------------------

@article{XAI,
title = {Application of explainable artificial intelligence in medical health: A systematic review of interpretability methods},
journal = {Informatics in Medicine Unlocked},
volume = {40},
pages = {101286},
year = {2023},
issn = {2352-9148},
doi = {https://doi.org/10.1016/j.imu.2023.101286},
url = {https://www.sciencedirect.com/science/article/pii/S2352914823001302},
author = {Shahab {S Band} and Atefeh Yarahmadi and Chung-Chian Hsu and Meghdad Biyari and Mehdi Sookhak and Rasoul Ameri and Iman Dehzangi and Anthony Theodore Chronopoulos and Huey-Wen Liang},
keywords = {Explainable artificial intelligence (XAI), Interpretability, Health, ML Methods, Review},
}

% ------------------------------ x ------------------------------

@misc{Grad_CAM,
      title={Grad-CAM: Why did you say that?}, 
      author={Ramprasaath R Selvaraju and Abhishek Das and Ramakrishna Vedantam and Michael Cogswell and Devi Parikh and Dhruv Batra},
      year={2017},
      eprint={1611.07450},
      archivePrefix={arXiv},
      primaryClass={stat.ML}
}

% ------------------------------ x ------------------------------

@misc{DiscoGAN,
      title={Learning to Discover Cross-Domain Relations with Generative Adversarial Networks}, 
      author={Taeksoo Kim and Moonsu Cha and Hyunsoo Kim and Jung Kwon Lee and Jiwon Kim},
      year={2017},
      eprint={1703.05192},
      archivePrefix={arXiv},
      primaryClass={cs.CV}
}

% ------------------------------ x ------------------------------

@misc{SocialGAN,
      title={Social GAN: Socially Acceptable Trajectories with Generative Adversarial Networks}, 
      author={Agrim Gupta and Justin Johnson and Li Fei-Fei and Silvio Savarese and Alexandre Alahi},
      year={2018},
      eprint={1803.10892},
      archivePrefix={arXiv},
      primaryClass={cs.CV}
}